<?xml version="1.0" encoding="UTF-8"?><collection xmlns="http://www.loc.gov/MARC21/slim"><record><leader>00552nam--2200181-u-4500</leader><controlfield tag="001">000052796</controlfield><controlfield tag="002">20161230</controlfield><controlfield tag="005">20161230201050</controlfield><controlfield tag="008">101102s1000------------r-----000-0-eng-d</controlfield><datafield ind1=" " ind2=" " tag="040"><subfield code="a">IFIN-HH</subfield></datafield><datafield ind1=" " ind2=" " tag="080"><subfield code="a">535</subfield></datafield><datafield ind1="1" ind2=" " tag="100"><subfield code="a">Kay, S.M</subfield></datafield><datafield ind1="1" ind2="0" tag="245"><subfield code="a">Quantum optics</subfield><subfield code="b">Proceedings of the thenth of the scottish universities summer school in physics, 1969. a nato advanced study institute</subfield><subfield code="c">S.m. kay, a maitland</subfield></datafield><datafield ind1=" " ind2=" " tag="260"><subfield code="a">NEW YORK</subfield><subfield code="b">Academic Press</subfield><subfield code="c">1970</subfield></datafield><datafield ind1=" " ind2=" " tag="300"><subfield code="a">568 P</subfield></datafield><datafield ind1="1" ind2=" " tag="700"><subfield code="a">Maitland A</subfield></datafield><datafield ind1=" " ind2=" " tag="852"><subfield code="a">36407</subfield><subfield code="c">535</subfield></datafield><datafield ind1=" " ind2=" " tag="CAT"><subfield code="a">Sys</subfield><subfield code="c">20101102</subfield><subfield code="h">112819</subfield></datafield></record></collection>